% Encoding: UTF-8

@Book{Albarella2001,
  author    = {Albarella, Umberto},
  publisher = {Kluwer Academic Publishers},
  title     = {Environmental Archaeology: Meaning and Purpose},
  year      = {2001},
  address   = {Norwell, MA},
}
